[gd_scene load_steps=6 format=2]

[ext_resource path="res://core/pimnet/pimnet.gd" type="Script" id=1]
[ext_resource path="res://core/level/task_window/task_window.tscn" type="PackedScene" id=2]
[ext_resource path="res://core/base_ui/window/window.tscn" type="PackedScene" id=3]
[ext_resource path="res://content/basic_addition/slot_panels/sum_slots/sum_slots.tscn" type="PackedScene" id=4]
[ext_resource path="res://content/basic_addition/slot_panels/counter/counter_contents.tscn" type="PackedScene" id=5]

[node name="LevelScreen" type="Control"]
script = ExtResource( 1 )

[node name="TaskWindow" parent="." instance=ExtResource( 2 )]
position = Vector2( 152.077, 374.376 )
_hide_bar = true

[node name="WindowRect" parent="TaskWindow" index="0"]
margin_right = 290.0
margin_bottom = 284.0

[node name="ContentContainer" parent="TaskWindow/WindowRect/ContentPanel" index="0"]
margin_right = 283.0
margin_bottom = 247.0

[node name="TaskProgressor" parent="TaskWindow/WindowRect/ContentPanel/ContentContainer" index="0"]
margin_right = 276.0
margin_bottom = 240.0

[node name="SelectorWindow" parent="." instance=ExtResource( 3 )]
position = Vector2( 500.224, 364.004 )
_hide_bar = true

[node name="CounterContents" parent="SelectorWindow/WindowRect/ContentPanel/ContentContainer" index="0" instance=ExtResource( 5 )]
anchor_right = 0.0
anchor_bottom = 0.0
margin_right = 186.0
margin_bottom = 156.0

[node name="SlotPanelWindow" parent="." instance=ExtResource( 3 )]
position = Vector2( 301.488, 70.0063 )
_hide_bar = true

[node name="WindowRect" parent="SlotPanelWindow" index="0"]
margin_right = 387.0

[node name="ContentContainer" parent="SlotPanelWindow/WindowRect/ContentPanel" index="0"]
margin_right = 380.0

[node name="SumSlots" parent="SlotPanelWindow/WindowRect/ContentPanel/ContentContainer" index="0" instance=ExtResource( 4 )]
anchor_right = 0.0
anchor_bottom = 0.0
margin_right = 373.0
margin_bottom = 156.0
__meta__ = {
"_edit_pinned_properties_": [ "initial_sum_is_empty" ]
}
initial_sum_is_empty = true

[editable path="TaskWindow"]
[editable path="SelectorWindow"]
[editable path="SlotPanelWindow"]
