[gd_scene load_steps=4 format=2]

[ext_resource path="res://general/context_magic/tests/contextual_locator/an_agent.gd" type="Script" id=1]
[ext_resource path="res://general/context_magic/tests/contextual_locator/a_context.gd" type="Script" id=2]
[ext_resource path="res://general/context_magic/tests/contextual_locator/a_service.gd" type="Script" id=3]

[node name="Top" type="Node"]

[node name="Context" type="Node" parent="."]
script = ExtResource( 2 )

[node name="Agent1" type="Node" parent="Context"]
script = ExtResource( 1 )

[node name="Agent2" type="Node" parent="Context"]
script = ExtResource( 1 )

[node name="Agent3" type="Node" parent="Context"]
script = ExtResource( 1 )

[node name="Subcontext" type="Node" parent="Context"]
script = ExtResource( 2 )

[node name="SubAgent1" type="Node" parent="Context/Subcontext"]
script = ExtResource( 1 )

[node name="ContextWithServices" type="Node" parent="."]
script = ExtResource( 2 )

[node name="Service1" type="Node" parent="ContextWithServices"]
script = ExtResource( 3 )

[node name="Service2" type="Node" parent="ContextWithServices" groups=["a_group_2"]]

[node name="DuplicateService1" type="Node" parent="ContextWithServices" groups=["duplicate_group"]]

[node name="DuplicateService2" type="Node" parent="ContextWithServices" groups=["duplicate_group"]]

[node name="Agent1" type="Node" parent="ContextWithServices"]
script = ExtResource( 1 )

[node name="Subcontext" type="Node" parent="ContextWithServices"]
script = ExtResource( 2 )

[node name="SubAgent1" type="Node" parent="ContextWithServices/Subcontext"]
script = ExtResource( 1 )

[node name="AgentWithoutContext" type="Node" parent="."]
script = ExtResource( 1 )
